Copy the shit out of the ones already here and use \cite{...} where ... is the first parameter (i.e. eeds-compendium).

@misc{example,
        author          =   "Cristea",
        title           =   "Width or Faux? Into the truth",
        institution     =   "Sociotee institutt velix",
        howpublished    =   "Pidgeon"
}

